@Article{kel16:eff,
  author = 	 {Kelleher, J. and Etheridge, A. and {McV}ean, G.},
  title = 	 {Efficient coalescent simulation and genealogical analysis for large sample sizes},
  journal = 	 {{PLoS} Comput. Biol.},
  year = 	 2016,
  volume = 	 12,
  pages = 	 {1--2}}
                  
@Article{	  hud02:gen,
  author	= {Hudson, R. R.},
  title		= {Generating samples under a {W}right-{F}isher neutral model
		  of genetic variation},
  journal	= {Bioinformatics},
  year		= 2002,
  volume	= 18,
  pages		= {337--338}
}

@Article{ram97:seq,
  author = 	 {Rambaut, A. and Grassly, N. C.},
  title = 	 {Seq-Gen: An application for the Monte Carlo simulation of DNA sequence evolution along phylogenetic trees},
  journal = 	 {Bioinformatics},
  year = 	 1997,
  volume =	 13,
  pages =	 {235--238}
}
